<?xml version="1.0" encoding="UTF-8"?><collection xmlns="http://www.loc.gov/MARC21/slim"><record><leader>00426nam--2200157-i-4500</leader><controlfield tag="001">000000127</controlfield><controlfield tag="002">20161230</controlfield><controlfield tag="005">20170128185747</controlfield><controlfield tag="008">060222s1000------------r-----000-0-eng-d</controlfield><datafield ind1=" " ind2=" " tag="080"><subfield code="a">51(075)</subfield></datafield><datafield ind1=" " ind2=" " tag="100"><subfield code="a">Gheorghiu, Gh.Th</subfield></datafield><datafield ind1=" " ind2=" " tag="245"><subfield code="a">Algebra lineara,geometrie analitica si diferentiala, progamare</subfield></datafield><datafield ind1=" " ind2=" " tag="260"><subfield code="a">Bucuresti</subfield><subfield code="b">Editura Didactica Si Pedagogica</subfield></datafield><datafield ind1=" " ind2=" " tag="300"><subfield code="a">467 p</subfield></datafield><datafield ind1=" " ind2=" " tag="852"><subfield code="a">45039</subfield></datafield><datafield ind1=" " ind2=" " tag="CAT"><subfield code="a">SYS</subfield><subfield code="c">20170128</subfield><subfield code="h">185747</subfield></datafield></record></collection>